<?xml version="1.0" encoding="UTF-8"?><collection xmlns="http://www.loc.gov/MARC21/slim"><record><leader>00441nam--2200133-i-4500</leader><controlfield tag="001">000023674</controlfield><controlfield tag="002">20161230</controlfield><controlfield tag="005">20161230201035</controlfield><controlfield tag="008">060222s1000------------r-----000-0-eng-d</controlfield><datafield ind1=" " ind2=" " tag="080"><subfield code="a">539.1(045)</subfield></datafield><datafield ind1=" " ind2=" " tag="100"><subfield code="a">Hulubei, Horia</subfield></datafield><datafield ind1=" " ind2=" " tag="245"><subfield code="a">Sources intenses de protons, applicables aux transmuttions. in: comptes rendus des seances de l`academie des sciences, seance du 16 juillet 1934</subfield></datafield><datafield ind1=" " ind2=" " tag="260"><subfield code="a">Paris, Gauthier-villars, 1934, 3 P</subfield></datafield><datafield ind1=" " ind2=" " tag="852"><subfield code="a">44671</subfield></datafield></record></collection>